<?xml version="1.0" encoding="UTF-8"?><collection xmlns="http://www.loc.gov/MARC21/slim"><record><leader>00467nam--2200181-i-4500</leader><controlfield tag="001">000010956</controlfield><controlfield tag="002">20161230</controlfield><controlfield tag="005">20161230201029</controlfield><controlfield tag="008">060222s1000------------r-----000-0-eng-d</controlfield><datafield ind1=" " ind2=" " tag="040"><subfield code="a">IFIN-HH</subfield></datafield><datafield ind1=" " ind2=" " tag="080"><subfield code="a">801.323.2=40=590</subfield></datafield><datafield ind1="1" ind2=" " tag="100"><subfield code="a">Condeescu, N.N</subfield></datafield><datafield ind1="1" ind2="0" tag="245"><subfield code="a">Dictionar francez-roman</subfield><subfield code="c">N.n. condeescu, g. hanes</subfield></datafield><datafield ind1=" " ind2=" " tag="260"><subfield code="a">Bucuresti</subfield><subfield code="b">Editura Stiintifica</subfield><subfield code="c">1972</subfield></datafield><datafield ind1=" " ind2=" " tag="300"><subfield code="a">845P</subfield></datafield><datafield ind1="1" ind2=" " tag="700"><subfield code="a">Hanes, G</subfield></datafield><datafield ind1=" " ind2=" " tag="852"><subfield code="a">D.499</subfield><subfield code="c">SLC</subfield></datafield><datafield ind1=" " ind2=" " tag="CAT"><subfield code="a">Sys</subfield><subfield code="c">20130301</subfield><subfield code="h">141549</subfield></datafield></record></collection>